<?xml version="1.0" encoding="UTF-8"?><record xmlns="http://www.loc.gov/MARC21/slim" xmlns:cinclude="http://apache.org/cocoon/include/1.0" xmlns:zs="http://www.loc.gov/zing/srw/">
  <leader>00502nz  a2200157n  4500</leader>
  <controlfield tag="001">no2009091396</controlfield>
  <controlfield tag="003">DLC</controlfield>
  <controlfield tag="005">20090616075234.0</controlfield>
  <controlfield tag="008">090614n| acannaabn          |a aaa      </controlfield>
  <datafield tag="010" ind1=" " ind2=" ">
    <subfield code="a">no2009091396</subfield>
  </datafield>
  <datafield tag="035" ind1=" " ind2=" ">
    <subfield code="a">(OCoLC)oca08141277</subfield>
  </datafield>
  <datafield tag="040" ind1=" " ind2=" ">
    <subfield code="a">Nz</subfield>
    <subfield code="b">eng</subfield>
    <subfield code="c">Nz</subfield>
  </datafield>
  <datafield tag="100" ind1="1" ind2=" ">
    <subfield code="a">Yeabsley, A.</subfield>
    <subfield code="q">(Adam),</subfield>
    <subfield code="d">1952-</subfield>
  </datafield>
  <datafield tag="400" ind1="1" ind2=" ">
    <subfield code="a">Yeabsley, Adam,</subfield>
    <subfield code="d">1952-</subfield>
  </datafield>
  <datafield tag="670" ind1=" " ind2=" ">
    <subfield code="a">A film dosemeter for monitoring diagnostic x-ray personnel, 1981:</subfield>
    <subfield code="b">t.p. (A. Yeabsley)</subfield>
  </datafield>
  <datafield tag="670" ind1=" " ind2=" ">
    <subfield code="a">NZ files, June 9, 2009</subfield>
    <subfield code="b">(hdg.: Yeabsley, A. (Adam), 1952-)</subfield>
  </datafield>
</record>